@ONLINE{datasets,
    author = "OpenFlights",
    title  = "Datos de aeropuertos y aerolíneas",
    year   = "2017",
    url    = "https://openflights.org/data.html"
}
@ONLINE{compuestos,
    author = "Wikipedia",
    title  = "Tipos de compuesto de una pista de aviación",
    year   = "2017",
    url    = "https://en.wikipedia.org/wiki/Runway"
}
@ONLINE{oid,
    author = "PostgreSQL",
    title  = "\emph{Object Identifier Types}",
    year   = "2018",
    url    = "https://www.postgresql.org/docs/9.1/static/datatype-oid.html"
}
@ONLINE{any,
    author = "PostgreSQL",
    title  = "Operador \emph{ANY}",
    year   = "2018",
    url    = "https://www.postgresql.org/docs/9.6/static/functions-comparisons.html"
}
@ONLINE{pattern,
    author = "PostgreSQL",
    title  = "\emph{Pattern Matching}",
    year   = "2018",
    url    = "https://www.postgresql.org/docs/9.6/static/functions-matching.html"
}
@ONLINE{ctid,
    author = "PostgreSQL",
    title  = "Columna del sistema \emph{ctid}",
    year   = "2018",
    url    = "https://www.postgresql.org/docs/8.2/static/ddl-system-columns.html"
}
@BOOK {silberschatz,
    author    = "Abraham Silberschatz",
    title     = "Fundamentos de Bases de Datos",
    publisher = "McGraw-Hill",
    year      = "2002",
    edition   = "Cuarta edición"
}
@BOOK {elmasri,
    author    = "Ramez Elmasri; Shamkant B. Navathe",
    title     = "Fundamentos de Sistemas de Bases de Datos",
    publisher = "Pearson Education",
    year      = "2007",
    edition   = "Quinta edición"
}
